@inproceedings{sailik2016webappmtd,
title = "A game theoretic approach to strategy generation for moving target defense in web applications",
year = "2017",
pages = "178--186",
booktitle = "16th International Conference on Autonomous Agents and Multiagent Systems, AAMAS 2017",
publisher = "International Foundation for Autonomous Agents and Multiagent Systems (IFAAMAS)"
}

@misc{sengupta2020bsmg,
    title={Multi-agent Reinforcement Learning in Bayesian Stackelberg Markov Games for Adaptive Moving Target Defense},
    author={Sailik Sengupta and Subbarao Kambhampati},
    year={2020},
    eprint={2007.10457},
    archivePrefix={arXiv},
    primaryClass={cs.GT}
}

@inproceedings{long2016fplue,
author = {Tran-Thanh, Long and Xu, Haifeng and Jennings, Nicholas},
year = {2016},
month = {05},
pages = {},
title = {Playing repeated security games with no prior knowledge}
}

@inproceedings{neuandbartok2013fpl,
  title={An Efficient Algorithm for Learning with Semi-bandit Feedback},
  author={Gergely Neu and G{\'a}bor Bart{\'o}k},
  booktitle={ALT},
  year={2013}
}

